<record><leader>00000cas a22000007a 4500</leader><controlfield tag="001">14171503</controlfield><controlfield tag="008">860902d19131926txudn ne      0    0eng d</controlfield><datafield ind1=" " ind2=" " tag="010"><subfield code="a">sn 86088758 </subfield></datafield><datafield ind1=" " ind2=" " tag="040"><subfield code="a">PPM</subfield><subfield code="b">eng</subfield><subfield code="c">PPM</subfield><subfield code="d">OCLCQ</subfield></datafield><datafield ind1=" " ind2=" " tag="042"><subfield code="a">msc</subfield></datafield><datafield ind1="0" ind2=" " tag="130"><subfield code="a">Brenham daily banner-press (Brenham, Tex. : 1913)</subfield></datafield><datafield ind1="1" ind2="0" tag="245"><subfield code="a">Brenham daily banner-press.</subfield></datafield><datafield ind1=" " ind2=" " tag="260"><subfield code="a">Brenham, Tex :</subfield><subfield code="b">Brenham Banner Pub. Co,</subfield><subfield code="c">1913-1926.</subfield></datafield><datafield ind1=" " ind2=" " tag="300"><subfield code="a">v. :</subfield><subfield code="b">ill. ;</subfield><subfield code="c">54 cm.</subfield></datafield><datafield ind1=" " ind2=" " tag="310"><subfield code="a">Daily</subfield></datafield><datafield ind1="0" ind2=" " tag="362"><subfield code="a">Vol. 30, no. 159 (Oct. 1, 1913)-v. 42, no. 306 (Mar. 26, 1926).</subfield></datafield><datafield ind1=" " ind2=" " tag="752"><subfield code="a">United States</subfield><subfield code="b">Texas</subfield><subfield code="c">Washington</subfield><subfield code="d">Brenham.</subfield></datafield><datafield ind1="0" ind2=" " tag="775"><subfield code="t">Brenham weekly banner-press</subfield><subfield code="w">(OCoLC)14351163</subfield></datafield><datafield ind1="0" ind2="4" tag="780"><subfield code="t">Brenham daily press</subfield><subfield code="w">(DLC)sn 86088308</subfield></datafield><datafield ind1="0" ind2="4" tag="780"><subfield code="t">Brenham daily banner</subfield><subfield code="w">(OCoLC)14351384</subfield></datafield><datafield ind1="0" ind2="0" tag="785"><subfield code="t">Brenham banner-press</subfield><subfield code="w">(DLC)sn 86089490</subfield></datafield></record>